@ELECTRONIC{RMSE,
  author = {{James Moody}},
  year = {Septiembre de 2019},
  title = {\texttt{https://towardsdatascience.com}}
}

@BOOK{Bat-Leoch,
  author = {{Leoch}},
  year = {2021},
  title = {LB-PLX12-400FT(A)-PD-EN},
  edition = {V3.2}}

@BOOK{Cu,
  author = {{Superintendencia de electricidad y combustibles S.E.C}},
  year = {2022},
  title = {RIC 2 Tableros eléctricos, tabla 2.3: Capacidad de corriente para barras de cobre de sección rectangular}}


@BOOK{Conductor,
  author = {{Superintendencia de electricidad y combustibles S.E.C}},
  year = {2022},
  title = {RIC 4 Conductores, materiales y sistemas de canalización, tabla 4.4 : cables de tendido fijo a temperatura de servicio de 90$^{o}$C}}

@BOOK{MaxVoltage,
  author = {{Superintendencia de electricidad y combustibles S.E.C}},
  year = {2022},
  title = {RIC 5 Medidas de protección contra tensiones peligrosas y descargas eléctricas, punto 5.8 : Exigencias generales}}

@BOOK{Aislacion,
  author = {{Superintendencia de electricidad y combustibles S.E.C}},
  year = {2022},
  title = {RIC 5 Medidas de protección contra tensiones peligrosas y descargas eléctricas, punto 7.4 : Protección por aislamiento de las partes activas}}

@BOOK{5reglasdeoro,
  author = {{Superintendencia de electricidad y combustibles S.E.C}},
  year = {2022},
  title = {RIC 17 Operación y mantenimiento, punto 6.3.2 : Procedimiento de trabajo seguro (PST)}}

  @BOOK{IEEE1188,
  author = {{IEEE Power Engineering Society}},
  year = {2006},
  title = {IEEE Recommended Practice for Maintenance, Testing, and Replacement of Valve-Regulated Lead- Acid (VRLA) Batteries for Stationary Applications}}

  @BOOK{Leoch_PLH,
  author = {{Leoch}},
  year = {2018},
  title = {Leoch battery pure lead acid series, product manual},
  edition = {V1}}

    @BOOK{IEEE1187,
  author = {{IEEE Power Engineering Society}},
  year = {2013},
  title = {IEEE Recommended Practice for installation design and installation of Valve-Regulated Lead- Acid Batteries for Stationary Applications},
  }

    @BOOK{REDES_ELECTRICAS,
  author = {{Leopoldo Silva Bijit}},
  year = {2006},
  title = {Redes eléctricas},
  }

    @BOOK{OTP004,
  author = {{Departamento de ingeniería Ondyne}},
  year = {2023},
  title = {Sistemas eléctricos: componentes y propiedades},
  }

      @BOOK{maquinas_electricas,
  author = {{Stephen J. Chapman}},
  year = {2012},
  title = {Máquinas eléctricas},
  }

      @BOOK{teoria_circuitos_boylestad,
  author = {{Robert L. Boylestad, Louis Nashelsky}},
  year = {2018},
  title = {Teoría de circuitos y dispositivos electrónicos},
  }